<?xml version="1.0" encoding="UTF-8"?>
<marc:collection xmlns:marc="http://www.loc.gov/MARC21/slim"
    xmlns:xsi="http://www.w3.org/2001/XMLSchema-instance"
    xsi:schemaLocation="http://www.loc.gov/MARC21/slim
    http://www.loc.gov/standards/marcxml/schema/MARC21slim.xsd">
    <marc:record>
        <marc:leader>05892cam a2200889 i 4500</marc:leader>
        <marc:controlfield tag="001">99161827425101452</marc:controlfield>
        <marc:controlfield tag="005">20231214213021.0</marc:controlfield>
        <marc:controlfield tag="006">m     o  d        </marc:controlfield>
        <marc:controlfield tag="007">cr |||||||||||</marc:controlfield>
        <marc:controlfield tag="008">150128s2015    dcu     o    f000 0 eng c</marc:controlfield>
        <marc:datafield tag="019" ind1=" " ind2=" ">
            <marc:subfield code="a">1083348192</marc:subfield>
            <marc:subfield code="a">1086368089</marc:subfield>
            <marc:subfield code="a">1097437496</marc:subfield>
            <marc:subfield code="a">1119577623</marc:subfield>
            <marc:subfield code="a">1119597588</marc:subfield>
            <marc:subfield code="a">1128115736</marc:subfield>
            <marc:subfield code="a">1147907092</marc:subfield>
            <marc:subfield code="a">1195707748</marc:subfield>
            <marc:subfield code="a">1198444628</marc:subfield>
            <marc:subfield code="a">1245863555</marc:subfield>
            <marc:subfield code="a">1245863761</marc:subfield>
            <marc:subfield code="a">1245863899</marc:subfield>
            <marc:subfield code="a">1245863970</marc:subfield>
            <marc:subfield code="a">1245866292</marc:subfield>
            <marc:subfield code="a">1245866718</marc:subfield>
            <marc:subfield code="a">1245868115</marc:subfield>
            <marc:subfield code="a">1245868631</marc:subfield>
            <marc:subfield code="a">1245868776</marc:subfield>
            <marc:subfield code="a">1245868804</marc:subfield>
            <marc:subfield code="a">1245870621</marc:subfield>
            <marc:subfield code="a">1245871198</marc:subfield>
            <marc:subfield code="a">1249437976</marc:subfield>
            <marc:subfield code="a">1253358018</marc:subfield>
            <marc:subfield code="a">1332651292</marc:subfield>
        </marc:datafield>
        <marc:datafield tag="035" ind1=" " ind2=" ">
            <marc:subfield code="a">(OCoLC)900876788</marc:subfield>
            <marc:subfield code="z">(OCoLC)1083348192</marc:subfield>
            <marc:subfield code="z">(OCoLC)1086368089</marc:subfield>
            <marc:subfield code="z">(OCoLC)1097437496</marc:subfield>
            <marc:subfield code="z">(OCoLC)1119577623</marc:subfield>
            <marc:subfield code="z">(OCoLC)1119597588</marc:subfield>
            <marc:subfield code="z">(OCoLC)1128115736</marc:subfield>
            <marc:subfield code="z">(OCoLC)1147907092</marc:subfield>
            <marc:subfield code="z">(OCoLC)1195707748</marc:subfield>
            <marc:subfield code="z">(OCoLC)1198444628</marc:subfield>
            <marc:subfield code="z">(OCoLC)1245863555</marc:subfield>
            <marc:subfield code="z">(OCoLC)1245863761</marc:subfield>
            <marc:subfield code="z">(OCoLC)1245863899</marc:subfield>
            <marc:subfield code="z">(OCoLC)1245863970</marc:subfield>
            <marc:subfield code="z">(OCoLC)1245866292</marc:subfield>
            <marc:subfield code="z">(OCoLC)1245866718</marc:subfield>
            <marc:subfield code="z">(OCoLC)1245868115</marc:subfield>
            <marc:subfield code="z">(OCoLC)1245868631</marc:subfield>
            <marc:subfield code="z">(OCoLC)1245868776</marc:subfield>
            <marc:subfield code="z">(OCoLC)1245868804</marc:subfield>
            <marc:subfield code="z">(OCoLC)1245870621</marc:subfield>
            <marc:subfield code="z">(OCoLC)1245871198</marc:subfield>
            <marc:subfield code="z">(OCoLC)1249437976</marc:subfield>
            <marc:subfield code="z">(OCoLC)1253358018</marc:subfield>
            <marc:subfield code="z">(OCoLC)1332651292</marc:subfield>
        </marc:datafield>
        <marc:datafield tag="035" ind1=" " ind2=" ">
            <marc:subfield code="a">(OCoLC)ocn900876788</marc:subfield>
        </marc:datafield>
        <marc:datafield tag="035" ind1=" " ind2=" ">
            <marc:subfield code="a">(EXLNZ-01ALLIANCE_NETWORK)99319928064101451</marc:subfield>
        </marc:datafield>
        <marc:datafield tag="035" ind1=" " ind2=" ">
            <marc:subfield code="a">(01ALLIANCE_UW)99161827425101452</marc:subfield>
        </marc:datafield>
        <marc:datafield tag="040" ind1=" " ind2=" ">
            <marc:subfield code="a">GPO</marc:subfield>
            <marc:subfield code="b">eng</marc:subfield>
            <marc:subfield code="e">rda</marc:subfield>
            <marc:subfield code="e">pn</marc:subfield>
            <marc:subfield code="c">GPO</marc:subfield>
            <marc:subfield code="d">GPO</marc:subfield>
            <marc:subfield code="d">STF</marc:subfield>
            <marc:subfield code="d">OCLCO</marc:subfield>
            <marc:subfield code="d">UBY</marc:subfield>
            <marc:subfield code="d">OCLCO</marc:subfield>
            <marc:subfield code="d">COO</marc:subfield>
            <marc:subfield code="d">OCLCO</marc:subfield>
            <marc:subfield code="d">OCLCF</marc:subfield>
            <marc:subfield code="d">GPO</marc:subfield>
            <marc:subfield code="d">OCLCO</marc:subfield>
            <marc:subfield code="d">OCL</marc:subfield>
            <marc:subfield code="d">OCLCO</marc:subfield>
            <marc:subfield code="d">OCLCA</marc:subfield>
            <marc:subfield code="d">LWA</marc:subfield>
            <marc:subfield code="d">UOK</marc:subfield>
            <marc:subfield code="d">OCLCE</marc:subfield>
            <marc:subfield code="d">OCLCQ</marc:subfield>
            <marc:subfield code="d">OCLCO</marc:subfield>
            <marc:subfield code="d">YOR</marc:subfield>
            <marc:subfield code="d">FNL</marc:subfield>
            <marc:subfield code="d">ORZ</marc:subfield>
            <marc:subfield code="d">OCLCQ</marc:subfield>
            <marc:subfield code="d">OCLCO</marc:subfield>
            <marc:subfield code="d">OCLCQ</marc:subfield>
            <marc:subfield code="d">OCLCO</marc:subfield>
            <marc:subfield code="d">OCLCL</marc:subfield>
        </marc:datafield>
        <marc:datafield tag="042" ind1=" " ind2=" ">
            <marc:subfield code="a">pcc</marc:subfield>
            <marc:subfield code="a">dlr</marc:subfield>
        </marc:datafield>
        <marc:datafield tag="043" ind1=" " ind2=" ">
            <marc:subfield code="a">n-us---</marc:subfield>
            <marc:subfield code="a">a-ir---</marc:subfield>
        </marc:datafield>
        <marc:datafield tag="049" ind1=" " ind2=" ">
            <marc:subfield code="a">MAIN</marc:subfield>
        </marc:datafield>
        <marc:datafield tag="050" ind1=" " ind2="4">
            <marc:subfield code="a">KF27</marc:subfield>
            <marc:subfield code="b">.A7 2014k</marc:subfield>
        </marc:datafield>
        <marc:datafield tag="074" ind1=" " ind2=" ">
            <marc:subfield code="a">1012-F (online)</marc:subfield>
        </marc:datafield>
        <marc:datafield tag="086" ind1="0" ind2=" ">
            <marc:subfield code="a">Y 4.AR 5/2 A:2013-2014/112</marc:subfield>
        </marc:datafield>
        <marc:datafield tag="088" ind1=" " ind2=" ">
            <marc:subfield code="a">H.A.S.C. no. 113-112</marc:subfield>
        </marc:datafield>
        <marc:datafield tag="110" ind1="1" ind2=" ">
            <marc:subfield code="a">United States.</marc:subfield>
            <marc:subfield code="b">Congress.</marc:subfield>
            <marc:subfield code="b">House.</marc:subfield>
            <marc:subfield code="b">Committee on Armed Services,</marc:subfield>
            <marc:subfield code="e">author.</marc:subfield>
        </marc:datafield>
        <marc:datafield tag="245" ind1="1" ind2="0">
            <marc:subfield code="a">P5+1 negotiations over Iran's nuclear program and its implications for United States defense :</marc:subfield>
            <marc:subfield code="b">Committee on Armed Services, House of Representatives, One Hundred Thirteenth Congress, second session, hearing held June 19, 2014.</marc:subfield>
        </marc:datafield>
        <marc:datafield tag="246" ind1="3" ind2=" ">
            <marc:subfield code="a">P five plus one negotiations over Iran's nuclear program and its implications for United States defense</marc:subfield>
        </marc:datafield>
        <marc:datafield tag="264" ind1=" " ind2="1">
            <marc:subfield code="a">Washington :</marc:subfield>
            <marc:subfield code="b">U.S. Government Printing Office,</marc:subfield>
            <marc:subfield code="c">2015.</marc:subfield>
        </marc:datafield>
        <marc:datafield tag="300" ind1=" " ind2=" ">
            <marc:subfield code="a">1 online resource (iii, 80 pages)</marc:subfield>
        </marc:datafield>
        <marc:datafield tag="336" ind1=" " ind2=" ">
            <marc:subfield code="a">text</marc:subfield>
            <marc:subfield code="b">txt</marc:subfield>
            <marc:subfield code="2">rdacontent</marc:subfield>
        </marc:datafield>
        <marc:datafield tag="337" ind1=" " ind2=" ">
            <marc:subfield code="a">computer</marc:subfield>
            <marc:subfield code="b">c</marc:subfield>
            <marc:subfield code="2">rdamedia</marc:subfield>
        </marc:datafield>
        <marc:datafield tag="338" ind1=" " ind2=" ">
            <marc:subfield code="a">online resource</marc:subfield>
            <marc:subfield code="b">cr</marc:subfield>
            <marc:subfield code="2">rdacarrier</marc:subfield>
        </marc:datafield>
        <marc:datafield tag="533" ind1=" " ind2=" ">
            <marc:subfield code="a">Electronic reproduction.</marc:subfield>
            <marc:subfield code="b">[Place of publication not identified] :</marc:subfield>
            <marc:subfield code="c">HathiTrust Digital Library,</marc:subfield>
            <marc:subfield code="d">2011.</marc:subfield>
            <marc:subfield code="5">MiAaHDL</marc:subfield>
        </marc:datafield>
        <marc:datafield tag="538" ind1=" " ind2=" ">
            <marc:subfield code="a">Master and use copy. Digital master created according to Benchmark for Faithful Digital Reproductions of Monographs and Serials, Version 1. Digital Library Federation, December 2002.</marc:subfield>
            <marc:subfield code="u">http://purl.oclc.org/DLF/benchrepro0212</marc:subfield>
            <marc:subfield code="5">MiAaHDL</marc:subfield>
        </marc:datafield>
        <marc:datafield tag="583" ind1="1" ind2=" ">
            <marc:subfield code="a">digitized</marc:subfield>
            <marc:subfield code="c">2011</marc:subfield>
            <marc:subfield code="h">HathiTrust Digital Library</marc:subfield>
            <marc:subfield code="l">committed to preserve</marc:subfield>
            <marc:subfield code="2">pda</marc:subfield>
            <marc:subfield code="5">MiAaHDL</marc:subfield>
        </marc:datafield>
        <marc:datafield tag="500" ind1=" " ind2=" ">
            <marc:subfield code="a">Title from title screen (viewed on January 28, 2015).</marc:subfield>
        </marc:datafield>
        <marc:datafield tag="500" ind1=" " ind2=" ">
            <marc:subfield code="a">Paper version available for sale by the Superintendent of Documents, U.S. Government Printing Office.</marc:subfield>
        </marc:datafield>
        <marc:datafield tag="500" ind1=" " ind2=" ">
            <marc:subfield code="a">&quot;H.A.S.C. no. 113-112.&quot;</marc:subfield>
        </marc:datafield>
        <marc:datafield tag="506" ind1=" " ind2=" ">
            <marc:subfield code="3">Use copy</marc:subfield>
            <marc:subfield code="f">Restrictions unspecified</marc:subfield>
            <marc:subfield code="2">star</marc:subfield>
            <marc:subfield code="5">MiAaHDL</marc:subfield>
        </marc:datafield>
        <marc:datafield tag="650" ind1=" " ind2="0">
            <marc:subfield code="a">Nuclear nonproliferation</marc:subfield>
            <marc:subfield code="x">Government policy</marc:subfield>
            <marc:subfield code="z">Iran.</marc:subfield>
        </marc:datafield>
        <marc:datafield tag="650" ind1=" " ind2="0">
            <marc:subfield code="a">Nuclear weapons</marc:subfield>
            <marc:subfield code="x">Government policy</marc:subfield>
            <marc:subfield code="z">Iran.</marc:subfield>
        </marc:datafield>
        <marc:datafield tag="650" ind1=" " ind2="0">
            <marc:subfield code="a">Nuclear arms control</marc:subfield>
            <marc:subfield code="z">Iran.</marc:subfield>
        </marc:datafield>
        <marc:datafield tag="650" ind1=" " ind2="0">
            <marc:subfield code="a">Nuclear nonproliferation</marc:subfield>
            <marc:subfield code="x">International cooperation.</marc:subfield>
        </marc:datafield>
        <marc:datafield tag="650" ind1=" " ind2="0">
            <marc:subfield code="a">Economic sanctions</marc:subfield>
            <marc:subfield code="z">Iran.</marc:subfield>
        </marc:datafield>
        <marc:datafield tag="650" ind1=" " ind2="0">
            <marc:subfield code="a">National security</marc:subfield>
            <marc:subfield code="z">United States.</marc:subfield>
        </marc:datafield>
        <marc:datafield tag="650" ind1=" " ind2="0">
            <marc:subfield code="a">Diplomatic negotiations in international disputes.</marc:subfield>
        </marc:datafield>
        <marc:datafield tag="650" ind1=" " ind2="6">
            <marc:subfield code="a">Non-prolifération nucléaire</marc:subfield>
            <marc:subfield code="x">Politique gouvernementale</marc:subfield>
            <marc:subfield code="z">Iran.</marc:subfield>
        </marc:datafield>
        <marc:datafield tag="650" ind1=" " ind2="6">
            <marc:subfield code="a">Armes nucléaires</marc:subfield>
            <marc:subfield code="x">Politique gouvernementale</marc:subfield>
            <marc:subfield code="z">Iran.</marc:subfield>
        </marc:datafield>
        <marc:datafield tag="650" ind1=" " ind2="6">
            <marc:subfield code="a">Armes nucléaires</marc:subfield>
            <marc:subfield code="x">Contrôle</marc:subfield>
            <marc:subfield code="z">Iran.</marc:subfield>
        </marc:datafield>
        <marc:datafield tag="650" ind1=" " ind2="6">
            <marc:subfield code="a">Non-prolifération nucléaire</marc:subfield>
            <marc:subfield code="x">Coopération internationale.</marc:subfield>
        </marc:datafield>
        <marc:datafield tag="650" ind1=" " ind2="6">
            <marc:subfield code="a">Négociations diplomatiques dans les conflits internationaux.</marc:subfield>
        </marc:datafield>
        <marc:datafield tag="650" ind1=" " ind2="7">
            <marc:subfield code="a">Diplomatic negotiations in international disputes</marc:subfield>
            <marc:subfield code="2">fast</marc:subfield>
        </marc:datafield>
        <marc:datafield tag="650" ind1=" " ind2="7">
            <marc:subfield code="a">Economic sanctions</marc:subfield>
            <marc:subfield code="2">fast</marc:subfield>
        </marc:datafield>
        <marc:datafield tag="650" ind1=" " ind2="7">
            <marc:subfield code="a">Military readiness</marc:subfield>
            <marc:subfield code="2">fast</marc:subfield>
        </marc:datafield>
        <marc:datafield tag="650" ind1=" " ind2="7">
            <marc:subfield code="a">National security</marc:subfield>
            <marc:subfield code="2">fast</marc:subfield>
        </marc:datafield>
        <marc:datafield tag="650" ind1=" " ind2="7">
            <marc:subfield code="a">Nuclear arms control</marc:subfield>
            <marc:subfield code="2">fast</marc:subfield>
        </marc:datafield>
        <marc:datafield tag="650" ind1=" " ind2="7">
            <marc:subfield code="a">Nuclear nonproliferation</marc:subfield>
            <marc:subfield code="x">Government policy</marc:subfield>
            <marc:subfield code="2">fast</marc:subfield>
        </marc:datafield>
        <marc:datafield tag="650" ind1=" " ind2="7">
            <marc:subfield code="a">Nuclear nonproliferation</marc:subfield>
            <marc:subfield code="x">International cooperation</marc:subfield>
            <marc:subfield code="2">fast</marc:subfield>
        </marc:datafield>
        <marc:datafield tag="650" ind1=" " ind2="7">
            <marc:subfield code="a">Nuclear weapons</marc:subfield>
            <marc:subfield code="x">Government policy</marc:subfield>
            <marc:subfield code="2">fast</marc:subfield>
        </marc:datafield>
        <marc:datafield tag="650" ind1=" " ind2="7">
            <marc:subfield code="a">Strategic aspects of individual places</marc:subfield>
            <marc:subfield code="2">fast</marc:subfield>
        </marc:datafield>
        <marc:datafield tag="651" ind1=" " ind2="0">
            <marc:subfield code="a">Iran</marc:subfield>
            <marc:subfield code="x">Strategic aspects.</marc:subfield>
        </marc:datafield>
        <marc:datafield tag="651" ind1=" " ind2="0">
            <marc:subfield code="a">United States</marc:subfield>
            <marc:subfield code="x">Defenses.</marc:subfield>
        </marc:datafield>
        <marc:datafield tag="651" ind1=" " ind2="6">
            <marc:subfield code="a">États-Unis</marc:subfield>
            <marc:subfield code="x">Défense nationale.</marc:subfield>
        </marc:datafield>
        <marc:datafield tag="651" ind1=" " ind2="7">
            <marc:subfield code="a">Iran</marc:subfield>
            <marc:subfield code="2">fast</marc:subfield>
            <marc:subfield code="1">https://id.oclc.org/worldcat/entity/E39PBJtrYvcVTwChrDqytBvJXd</marc:subfield>
        </marc:datafield>
        <marc:datafield tag="651" ind1=" " ind2="7">
            <marc:subfield code="a">United States</marc:subfield>
            <marc:subfield code="2">fast</marc:subfield>
            <marc:subfield code="1">https://id.oclc.org/worldcat/entity/E39PBJtxgQXMWqmjMjjwXRHgrq</marc:subfield>
        </marc:datafield>
        <marc:datafield tag="655" ind1=" " ind2="7">
            <marc:subfield code="a">Legislative hearings</marc:subfield>
            <marc:subfield code="2">fast</marc:subfield>
        </marc:datafield>
        <marc:datafield tag="655" ind1=" " ind2="7">
            <marc:subfield code="a">Legislative hearings.</marc:subfield>
            <marc:subfield code="2">lcgft</marc:subfield>
        </marc:datafield>
        <marc:datafield tag="655" ind1=" " ind2="7">
            <marc:subfield code="a">Audiences législatives.</marc:subfield>
            <marc:subfield code="2">rvmgf</marc:subfield>
        </marc:datafield>
        <marc:datafield tag="776" ind1="0" ind2="8">
            <marc:subfield code="i">Print version:</marc:subfield>
            <marc:subfield code="a">United States. Congress. House. Committee on Armed Services.</marc:subfield>
            <marc:subfield code="t">P5+1 negotiations over Iran's nuclear program and its implications for United States defense</marc:subfield>
            <marc:subfield code="w">(OCoLC)904016388</marc:subfield>
        </marc:datafield>
        <marc:datafield tag="776" ind1="0" ind2="8">
            <marc:subfield code="i">Microfiche version:</marc:subfield>
            <marc:subfield code="a">United States. Congress. House. Committee on Armed Services.</marc:subfield>
            <marc:subfield code="t">P5+1 negotiations over Iran's nuclear program and its implications for United States defense</marc:subfield>
            <marc:subfield code="w">(OCoLC)908635473</marc:subfield>
        </marc:datafield>
        <marc:datafield tag="776" ind1="0" ind2="8">
            <marc:subfield code="i">Online version:</marc:subfield>
            <marc:subfield code="a">United States. Congress. House. Committee on Armed Services.</marc:subfield>
            <marc:subfield code="t">P5+1 negotiations over Iran's nuclear program and its implications for United States defense</marc:subfield>
            <marc:subfield code="w">(OCoLC)1083348192</marc:subfield>
        </marc:datafield>
        <marc:datafield tag="856" ind1="4" ind2="0">
            <marc:subfield code="3">Google</marc:subfield>
            <marc:subfield code="u">http://books.google.com/books?id=CNkwFM8x9nkC</marc:subfield>
        </marc:datafield>
        <marc:datafield tag="856" ind1="4" ind2="0">
            <marc:subfield code="3">HathiTrust Digital Library</marc:subfield>
            <marc:subfield code="u">http://catalog.hathitrust.org/api/volumes/oclc/904016388.html</marc:subfield>
        </marc:datafield>
        <marc:datafield tag="856" ind1="4" ind2="0">
            <marc:subfield code="3">HeinOnline</marc:subfield>
            <marc:subfield code="u">https://heinonline.org/HOL/Page?handle=hein.cbhear/fdsysabnk0001&amp;id=1&amp;size=2&amp;collection=congrec&amp;index=cbhear</marc:subfield>
        </marc:datafield>
        <marc:datafield tag="856" ind1="4" ind2="0">
            <marc:subfield code="u">http://purl.fdlp.gov/GPO/gpo54839</marc:subfield>
            <marc:subfield code="7">0</marc:subfield>
        </marc:datafield>
        <marc:datafield tag="856" ind1="4" ind2="0">
            <marc:subfield code="u">https://purl.fdlp.gov/GPO/gpo54839</marc:subfield>
            <marc:subfield code="7">0</marc:subfield>
        </marc:datafield>
        <marc:datafield tag="856" ind1="4" ind2=" ">
            <marc:subfield code="u">http://www.gpo.gov/fdsys/pkg/CHRG-113hhrg89505/pdf/CHRG-113hhrg89505.pdf</marc:subfield>
        </marc:datafield>
        <marc:datafield tag="994" ind1=" " ind2=" ">
            <marc:subfield code="a">92</marc:subfield>
            <marc:subfield code="b">OCACL</marc:subfield>
        </marc:datafield>
    </marc:record>
</marc:collection>
